<?xml version="1.0" encoding="UTF-8"?><collection xmlns="http://www.loc.gov/MARC21/slim"><record><leader>00601nam--2200181-i-4500</leader><controlfield tag="001">000014978</controlfield><controlfield tag="002">20161230</controlfield><controlfield tag="005">20161230201031</controlfield><controlfield tag="008">060222s1000------------r-----000-0-eng-d</controlfield><datafield ind1=" " ind2=" " tag="040"><subfield code="a">IFIN-HH</subfield></datafield><datafield ind1=" " ind2=" " tag="080"><subfield code="a">533.9(061.3)</subfield></datafield><datafield ind1="1" ind2=" " tag="100"><subfield code="a">Davenport, P.A</subfield></datafield><datafield ind1="1" ind2="0" tag="245"><subfield code="a">Phenomena in ionized gases 1971</subfield><subfield code="b">Tenth international conference on phenomena in ionized gases 1971. oxford england september 13-18, 1971. invited papers</subfield><subfield code="c">P.a. davenport (ed.)</subfield></datafield><datafield ind1=" " ind2=" " tag="260"><subfield code="a">Oxford</subfield><subfield code="b">Donald Parsons And Co.Ltd</subfield><subfield code="c">1971</subfield></datafield><datafield ind1=" " ind2=" " tag="300"><subfield code="a">461 P</subfield></datafield><datafield ind1=" " ind2=" " tag="700"><subfield code="a">Davenport, P.A</subfield></datafield><datafield ind1=" " ind2=" " tag="852"><subfield code="a">76182</subfield><subfield code="c">537.52</subfield></datafield><datafield ind1=" " ind2=" " tag="CAT"><subfield code="a">Sys</subfield><subfield code="c">20110804</subfield><subfield code="h">152723</subfield></datafield></record></collection>